@article{cite:8,
  author = {R. Liouville and G. Bernoulli},
  title = {{On the Positivity of Conditionally Closed, Right-Simply Contravariant Scalars}},
  journal = {{J}ournal of Numerical Geometry},
  month = {aug},
  year = {1993},
  volume = {6},
  pages = {152--191},
}


@article{cite:2,
  author = {Q. Smith},
  title = {{${\ell}$-Multiply Contra-One-to-One Paths over Semi-Almost Everywhere Negative Isomorphisms}},
  journal = {{J}ournal of Homological Model Theory},
  month = {sep},
  year = {2003},
  volume = {7},
  pages = {1408--1423},
}


@article{cite:0,
  author = {Q. Tate and L. Garcia and G. Banach},
  title = {{Regularity Methods in Fuzzy Number Theory}},
  journal = {{A}rchives of the {M}oldovan {M}athematical {S}ociety},
  month = {aug},
  year = {1995},
  volume = {0},
  pages = {78--93},
}


@article{Johnson_Roberson_2010,
  doi = {10.1002/rob.20324},
  url = {http://dx.doi.org/10.1002/rob.20324},
  year = {2010},
  month = {jan},
  publisher = {Wiley-Blackwell},
  volume = {27},
  number = {1},
  pages = {21--51},
  author = {Matthew Johnson-Roberson and Oscar Pizarro and Stefan B. Williams and Ian Mahon},
  title = {{Generation and visualization of large-scale three-dimensional reconstructions from underwater robotic surveys}},
  journal = {J. Field Robotics},
}


@article{Mahon_2008,
  doi = {10.1109/tro.2008.2004888},
  url = {http://dx.doi.org/10.1109/tro.2008.2004888},
  year = {2008},
  month = {oct},
  publisher = {Institute of Electrical {\&} Electronics Engineers ({IEEE})},
  volume = {24},
  number = {5},
  pages = {1002--1014},
  author = {I. Mahon and S.B. Williams and O. Pizarro and M. Johnson-Roberson},
  title = {{Efficient View-Based {SLAM} Using Visual Loop Closures}},
  journal = {{IEEE} Transactions on Robotics},
}
